
@article{mccabe_complexity_1976,
	title = {A Complexity Measure},
	url = {http://www.literateprogramming.com/mccabe.pdf},
	journal = {{IEEE} Transactions on Software Engineering},
	author = {{McCabe}},
	month = dec,
	year = {1976},
	pages = {308–320}
},

@book{goodliffe_code_2006,
	edition = {1st ed.},
	title = {Code Craft: The Practice of Writing Excellent Code},
	isbn = {1593271190},
	shorttitle = {Code Craft},
	publisher = {No Starch Press},
	author = {Goodliffe, Pete},
	month = aug,
	year = {2006}
},

@book{simon_code_2006,
	edition = {1., Aufl.},
	title = {Code Quality Management: Technische Qualität industrieller Softwaresysteme transparent und vergleichbar gemacht},
	isbn = {3898643883},
	shorttitle = {Code Quality Management},
	publisher = {Dpunkt Verlag},
	author = {Simon, Frank and Seng, Olaf and Mohaupt, Thomas},
	month = may,
	year = {2006}
},

@book{stephens_design_2010,
	title = {Design Driven Testing: Test Smarter, Not Harder},
	isbn = {9781430229438},
	shorttitle = {Design Driven Testing},
	publisher = {Apress},
	author = {Stephens, Matt and Rosenberg, Doug},
	month = nov,
	year = {2010}
},

@misc{randal_schwartz_floss_2009,
	title = {{FLOSS} Weekly 87: Extreme Prgramming With Kent Beck},
	volume = {87},
	url = {http://twit.tv/floss87},
	author = {Randal Schwartz and Kent Beck and Leo Laporte},
	month = sep,
	year = {2009}
},

@book{balzert_lehrbuch_1997,
	title = {Lehrbuch der {Software-Technik}, Bd.2, {Software-Management}, {Software-Qualitätssicherung} und Unternehmensmodellierung, m. {CD-ROM}},
	isbn = {3827400651},
	publisher = {{Spektrum-Akademischer} Vlg},
	author = {Balzert, Helmut},
	month = nov,
	year = {1997}
},

@book{orsini_rails_2007,
	edition = {1st Ed.},
	title = {Rails Cookbook {(Cookbooks}},
	isbn = {0596527314},
	publisher = {{O'Reilly} Media},
	author = {Orsini, Rob},
	month = jan,
	year = {2007}
},

@book{rappin_rails_2011,
	edition = {1},
	title = {Rails Test Prescriptions},
	isbn = {9781934356647},
	publisher = {Pragmatic Bookshelf},
	author = {Rappin, Noel},
	month = mar,
	year = {2011}
},

@book{hoffmann_software-qualitaet_2008,
	title = {{Software-Qualität}},
	isbn = {9783540763222},
	publisher = {Springer},
	author = {Hoffmann, Dirk W},
	month = mar,
	year = {2008}
},

@book{raetzmann_software-testing_2004,
	edition = {2},
	title = {{Software-Testing} \& Internationalisierung: Rapid Application Testing, Softwaretest, Agiles Qualitätsmanagement},
	isbn = {3898425398},
	shorttitle = {{Software-Testing} \& Internationalisierung},
	publisher = {Galileo Computing},
	author = {Rätzmann, Manfred},
	month = sep,
	year = {2004}
},

@article{baggen_standardized_2011,
	title = {Standardized code quality benchmarking for improving software maintainability},
	issn = {0963-9314},
	url = {http://www.springerlink.com/content/vm77272104085276/},
	doi = {10.1007/s11219-011-9144-9},
	journal = {Software Quality Journal},
	author = {Baggen, Robert and Correia, José Pedro and Schill, Katrin and Visser, Joost},
	month = may,
	year = {2011}
},

@book{madeyski_test-driven_2009,
	edition = {1st Edition.},
	title = {{Test-Driven} Development: An Empirical Evaluation of Agile Practice},
	isbn = {9783642042874},
	shorttitle = {{Test-Driven} Development},
	publisher = {Springer},
	author = {Madeyski, Lech},
	month = dec,
	year = {2009}
},

@book{beck_test_2002,
	title = {Test Driven Development. By Example},
	isbn = {0321146530},
	publisher = {{Addison-Wesley} Longman, Amsterdam},
	author = {Beck, Kent},
	month = nov,
	year = {2002}
},

@book{grood_testgoal:_2008,
	edition = {1},
	title = {{TestGoal:} {Result-Driven} Testing},
	isbn = {{354078828X}},
	shorttitle = {{TestGoal}},
	publisher = {Springer},
	author = {Grood, {Derk-Jan} de},
	month = jul,
	year = {2008}
}

@misc{joerg_klukas_startseite_2011,
	title = {Startseite - Aktuelles},
	url = {http://www.itmitte.de/},
	journal = {{ITmitte.de}},
	author = {Jörg Klukas},
	month = jun,
	year = {2011},
	howpublished = {http://www.itmitte.de/}
}

@misc{joerg_klukas_referenzen_2011,
	title = {Referenzen {\textbar} pludoni {GmbH} - the community experts},
	url = {http://www.pludoni.de/referenzen},
	journal = {pludoni {GmbH}},
	author = {Jörg Klukas},
	month = jun,
	year = {2011},
	howpublished = {http://www.pludoni.de/referenzen}
}



@misc{ruby_visual_identity_team_about_2011,
	title = {About Ruby},
	url = {http://www.ruby-lang.org/en/about/},
	journal = {Ruby Language},
	author = {Ruby Visual Identity Team},
	month = jun,
	year = {2011},
	howpublished = {http://www.ruby-lang.org/en/about/}
}

@inproceedings{meijer_static_2005,
	title = {Static typing where possible, dynamic typing when needed: The end of the cold war between programming languages},
	shorttitle = {Static typing where possible, dynamic typing when needed},
	author = {Meijer, E. and Drayton, P.},
	year = {2005}
}


@article{ousterhout_scripting:_1998,
	title = {Scripting: Higher level programming for the 21st century},
	volume = {31},
	shorttitle = {Scripting},
	number = {3},
	journal = {Computer},
	author = {Ousterhout, J. K},
	year = {1998},
	pages = {23–30}
}


@misc{daniel_spiewak_dynamic_2010,
	title = {Dynamic type languages versus static type languages - Stack Overflow},
	url = {http://stackoverflow.com/questions/125367/dynamic-type-languages-versus-static-type-languages},
	journal = {Stackoverflow},
	author = {Daniel Spiewak and Jon Harrop},
	year = {2010},
	keywords = {more unit test},
	howpublished = {http://stackoverflow.com/questions/125367/dynamic-type-languages-versus-static-type-languages}
}

@misc{computer_language_benchmarks_game_ruby_2011,
        title = {Ruby 1.9 Speed - C/GNU GCC speed},
	url = {http://shootout.alioth.debian.org/u32q/benchmark.php?test=all\&lang=yarv\&lang2=gcc},
	author = {Computer Language Benchmarks Game},
	month = jun,
	year = {2011},
	howpublished = {http://shootout.alioth.debian.org/u32q/benchmark.php?test=all\&lang=yarv\&lang2=gcc}
}


@misc{david_heinemeier_hansson_railsconf_2011,
	title = {{RailsConf} 2011 Keynote},
	url = {http://www.rubyinside.com/dhh-keynote-streaming-live-from-railsconf-2011-right-here-right-now-4769.html},
	author = {David Heinemeier Hansson},
	month = may,
	year = {2011}
}


@book{ruby_agile_2009,
	edition = {Third Edition},
	title = {Agile Web Development with Rails, Third Edition},
	isbn = {1934356166},
	publisher = {Pragmatic Bookshelf},
	author = {Ruby, Sam and Thomas, Dave and Hansson, David Heinemeier},
	month = apr,
	year = {2009}
}