% This file was created with JabRef 2.6.
% Encoding: UTF-8

@MISC{AdWords2008,
  author = {Inside AdWords},
  title = {Landing page load time will soon be incorporated into Quality Score
	- Inside {AdWords}},
  howpublished = {http://adwords.blogspot.com/2008/03/landing-page-load-time-will-soon-be.html},
  year = {2008},
  url = {http://adwords.blogspot.com/2008/03/landing-page-load-time-will-soon-be.html}
}

@MISC{Bixby2011,
  author = {Joshua Bixby},
  title = {{FAQs:} The 12 most-asked questions about how Google factors page
	speed into its search rankings — Web Performance Today},
  howpublished = {http://www.webperformancetoday.com/2011/08/05/faqs-google-seo-search-ranking-website-speed/},
  year = {2011},
  url = {http://www.webperformancetoday.com/2011/08/05/faqs-google-seo-search-ranking-website-speed/}
}

@MISC{BMWi2011,
  author = {BMWi},
  title = {Breitbandportal des {BMWi} - Kartendownload},
  howpublished = {{http://www.zukunft-breitband.de/BBA/Navigation/Breitbandatlas/laenderkarten.html?}},
  year = {2011},
  url = {http://www.zukunft-breitband.de/BBA/Navigation/Breitbandatlas/laenderkarten.html?}
}

@MISC{Fielding1999,
  author = {R. Fielding},
  title = {Hypertext Transfer Protocol -- {HTTP/1.1}},
  howpublished = {http://www.ietf.org/rfc/rfc2616.txt},
  year = {1999},
  url = {http://www.ietf.org/rfc/rfc2616.txt}
}

@MISC{Frucci2009,
  author = {Adam Frucci},
  title = {Internet Speeds and Costs Around the World, Shown Visually},
  howpublished = {http://gizmodo.com/5390014/internet-speeds-and-costs-around-the-world-shown-visually},
  year = {2009},
  url = {http://gizmodo.com/5390014/internet-speeds-and-costs-around-the-world-shown-visually}
}

@MISC{Google2011,
  author = {Google},
  title = {Let's make the web faster - Google Code},
  howpublished = {http://code.google.com/intl/de/speed/},
  year = {2011},
  url = {http://code.google.com/intl/de/speed/}
}

@MISC{Google2011a,
  author = {Google},
  title = {Let's make the web faster - Google Code},
  howpublished = {http://code.google.com/intl/de/speed/articles/web-metrics.html},
  year = {2011},
  url = {http://code.google.com/intl/de/speed/articles/web-metrics.html}
}

@MISC{Hitwise2011,
  author = {Hitwise},
  title = {Hitwise United States » - the power of competitive intelligence},
  howpublished = {http://www.hitwise.com/us/datacenter/main/dashboard-23984.html},
  year = {2011},
  url = {http://www.hitwise.com/us/datacenter/main/dashboard-23984.html}
}

@MISC{Kaspersky2011,
  author = {Kaspersky},
  title = {„Das haben wir nicht bestellt“: Miner-Botnetz attackiert deutsche
	Pizza-Lieferdienste},
  howpublished = {http://www.kaspersky.com/de/news?id=207566473},
  month = {8},
  year = {2011},
  owner = {martin},
  timestamp = {2011.09.05},
  url = {http://www.kaspersky.com/de/news?id=207566473}
}

@MISC{Klukas2011,
  author = {Jörg Klukas},
  title = {Unternehmen {\textbar} pludoni {GmbH} - the community experts},
  howpublished = {http://www.pludoni.de/unternehmen},
  month = jun,
  year = {2011},
  owner = {martin},
  timestamp = {2011.09.05},
  url = {http://www.pludoni.de/unternehmen}
}

@MISC{Microsoft2011,
  author = {Microsoft},
  title = {{IE} 6 Warning {\textbar} Educate Others to Stop Using {IE6} {\textbar}
	{IE6} Countdown},
  howpublished = {http://www.ie6countdown.com/educate-others.aspx},
  year = {2011},
  url = {http://www.ie6countdown.com/educate-others.aspx}
}

@MISC{Netcraft2011,
  author = {Netcraft},
  title = {May 2011 Web Server Survey {\textbar} Netcraft},
  howpublished = {http://news.netcraft.com/archives/2011/05/02/may-2011-web-server-survey.html},
  month = {5},
  year = {2011},
  url = {http://news.netcraft.com/archives/2011/05/02/may-2011-web-server-survey.html}
}

@MISC{PHP2011,
  author = {PHP},
  title = {{PHP:} Was ist {PHP?} - Manual},
  howpublished = {http://www.php.net/manual/de/intro-whatis.php},
  year = {2011},
  url = {http://www.php.net/manual/de/intro-whatis.php}
}

@MISC{PHP2011a,
  author = {PHP},
  title = {{PHP:} Was kann {PHP?} - Manual},
  howpublished = {http://www.php.net/manual/de/intro-whatcando.php},
  year = {2011},
  url = {http://www.php.net/manual/de/intro-whatcando.php}
}

@MISC{StatCounter2011,
  author = {StatCounter},
  title = {Top 12 Browser Versions from Aug 10 to Aug 11 {\textbar} {StatCounter}
	Global Stats},
  howpublished = {http://gs.statcounter.com/\#browser\_version-ww-monthly-201008-201108},
  month = {8},
  year = {2011},
  url = {http://gs.statcounter.com/#browser_version-ww-monthly-201008-201108}
}

@MISC{Toll2011,
  author = {William Toll},
  title = {Why Marketers Must Care About Site Speed},
  howpublished = {http://searchenginewatch.com/article/2085970/Why-Marketers-Must-Care-About-Site-Speed},
  month = {7},
  year = {2011},
  owner = {martin},
  timestamp = {2011.09.05},
  url = {http://searchenginewatch.com/article/2085970/Why-Marketers-Must-Care-About-Site-Speed}
}

@MISC{w3c2005,
  author = {w3c},
  title = {{W3C} Document Object Model},
  howpublished = {{http://www.w3.org/DOM/\#what}},
  month = {1},
  year = {2005},
  url = {http://www.w3.org/DOM/#what}
}

@MISC{websiteoptimization2008,
  author = {website optimization},
  title = {The Psychology of Web Performance - how slow response times affect
	user psychology},
  howpublished = {http://www.websiteoptimization.com/speed/tweak/psychology-web-performance/},
  month = {5},
  year = {2008},
  url = {http://www.websiteoptimization.com/speed/tweak/psychology-web-performance/}
}

@MISC{Witzmann2011,
  author = {Jan Witzmann},
  title = {Existenzbedrohung {DDoS-Attacke:} Kleine Onlinehändler werden zur
	Zielscheibe für Erpressungsversuche {\textbar} {Onlinehändler-News}},
  howpublished = {http://www.onlinehaendler-news.de/2011/08/11/ddos-attacke-kleine-onlinehandler-werden-bedroht/},
  month = {8},
  year = {2011},
  url = {http://www.onlinehaendler-news.de/2011/08/11/ddos-attacke-kleine-onlinehandler-werden-bedroht/}
}

@MISC{YahooDevNetwork2011,
  author = {YahooDevNetwork},
  title = {Best Practices for Speeding Up Your Web Site},
  howpublished = {http://developer.yahoo.com/performance/rules.html\#min\_dom},
  month = {8},
  year = {2011},
  url = {http://developer.yahoo.com/performance/rules.html#min_dom}
}

